@MISC{gflags:website,
      TITLE = {Google gflags},
      URL = {http://code.google.com/p/google-gflags/},
}
